
@article{Blei2003,
  title={{Latent dirichlet allocation}},
  author={Blei, D.M. and Ng, A.Y. and Jordan, M.I.},
  journal={The Journal of Machine Learning Research},
  volume={3},
  pages={993--1022},
  year={2003},
  publisher={MIT Press Cambridge, MA, USA}
}

@article{Teh2009,
  title={{On Smoothing and Inference for Topic Models}},
  author={Asuncion, A. and Welling, M. and Smyth, P. and Teh, Y.W.}
}



@article{Teh2007,
  title={{A collapsed variational bayesian inference algorithm for latent dirichlet allocation}},
  author={Teh, Y.W. and Newman, D. and Welling, M.},
  journal={Advances in neural information processing systems},
  volume={19},
  pages={1353},
  year={2007},
  publisher={Citeseer}
}




