
@conference{yao2009efficient,
  title={{Efficient methods for topic model inference on streaming document collections}},
  author={Yao, L. and Mimno, D. and McCallum, A.},
  booktitle={Proceedings of the 15th ACM SIGKDD international conference on Knowledge discovery and data mining},
  pages={937--946},
  year={2009},
  organization={ACM}
}

@conference{hofmann1999probabilistic,
  title={{Probabilistic Latent Semantic Analysis}},
  author={Hofmann, T.},
  booktitle={UAI},
  pages={289--296},
  year={1999}
}


@conference{rosen2004author,
  title={{The author-topic model for authors and documents}},
  author={Rosen-Zvi, M. and Griffiths, T. and Steyvers, M. and Smyth, P.},
  booktitle={Proceedings of the 20th conference on Uncertainty in artificial intelligence},
  pages={494},
  year={2004},
  organization={AUAI Press}
}

@article{blei2004hierarchical,
  title={{Hierarchical topic models and the nested Chinese restaurant process}},
  author={Blei, D. and Griffiths, T.L. and Jordan, M.I. and Tenenbaum, J.B.},
  journal={Advances in neural information processing systems},
  volume={16},
  pages={106},
  year={2004},
  publisher={Citeseer}
}





@article{boyd2009reading,
  title={{Reading Tea Leaves: How Humans Interpret Topic Models}},
  author={Boyd-Graber, J. and Chang, J. and Gerrish, S. and Wang, C. and Blei, D.},
  journal={Advances in Neural Information Processing Systems (NIPS)},
  volume={31},
  year={2009}
}



@article{wallach-rethinking,
  title={{Rethinking LDA: Why Priors Matter}},
  author={Wallach, H.M. and McCallum, D.M.A.},
  year=2009
}





@conference{porteous2008fast,
  title={{Fast collapsed gibbs sampling for latent dirichlet allocation}},
  author={Porteous, I. and Newman, D. and Ihler, A. and Asuncion, A. and Smyth, P. and Welling, M.},
  booktitle={Proceeding of the 14th ACM SIGKDD international conference on Knowledge discovery and data mining},
  pages={569--577},
  year={2008},
  organization={ACM}
}








@article{Blei2003,
  title={{Latent dirichlet allocation}},
  author={Blei, D.M. and Ng, A.Y. and Jordan, M.I.},
  journal={The Journal of Machine Learning Research},
  volume={3},
  pages={993--1022},
  year={2003},
  publisher={MIT Press Cambridge, MA, USA}
}

@article{Teh2009,
  title={{On Smoothing and Inference for Topic Models}},
  author={Asuncion, A. and Welling, M. and Smyth, P. and Teh, Y.W.}
}



@article{teh2007collapsed,
  title={{A collapsed variational bayesian inference algorithm for latent dirichlet allocation}},
  author={Teh, Y.W. and Newman, D. and Welling, M.},
  journal={Advances in neural information processing systems},
  volume={19},
  pages={1353},
  year={2007},
  publisher={Citeseer}
}



@article{williamson2009focused,
  title={{Focused Topic Models}},
  author={Williamson, S. and Wang, C. and Heller, K. and Blei, D.},
  year={2009}
}

@conference{mimno2007expertise,
  title={{Expertise modeling for matching papers with reviewers}},
  author={Mimno, D. and McCallum, A.},
  booktitle={Proceedings of the 13th ACM SIGKDD international conference on Knowledge discovery and data mining},
  pages={509},
  year={2007},
  organization={ACM}
}


@conference{boyd2007topic,
  title={{A topic model for word sense disambiguation}},
  author={Boyd-Graber, J. and Blei, D. and Zhu, X.},
  booktitle={Proceedings of the 2007 Joint Conference on Empirical Methods in Natural Language Processing and Computational Natural Language Learning (EMNLP-CoNLL)},
  pages={1024--1033},
  year={2007}
}


@article{wainwright2008graphical,
  title={{Graphical models, exponential families, and variational inference}},
  author={Wainwright, M.J. and Jordan, M.I.},
  journal={Foundations and Trends{\textregistered} in Machine Learning},
  volume={1},
  number={1-2},
  pages={1--305},
  year={2008},
  publisher={Now Publishers Inc.}
}








@article{Blei2009,
  title={{Topic models}},
  author={Blei, D. and Lafferty, J.},
  journal={Text Mining: Theory and Applications. Taylor and Francis, London, UK},
  year={2009}
}

@article{griffiths2004finding,
  title={{Finding scientific topics}},
  author={Griffiths, T.L. and Steyvers, M.},
  journal={Proceedings of the National Academy of Sciences},
  volume={101},
  number={Suppl 1},
  pages={5228},
  year={2004},
  publisher={National Acad Sciences}
}

@article{heinrich2005parameter,
  title={{Parameter estimation for text analysis}},
  author={Heinrich, G.},
  journal={Web: http://www.arbylon.net/publications/text-est.pdf},
  year={2005},
  publisher={Citeseer}
}


@article{newman2006scalable,
  title={{Scalable Parallel Topic Models}},
  author={Newman, D. and Smyth, P. and Steyvers, M.},
  journal={Journal of Intelligence Community Research and Development},
  year={2006},
  publisher={Citeseer}
}


@article{newman2007distributed,
  title={{Distributed inference for latent dirichlet allocation}},
  author={Newman, D. and Asuncion, A. and Smyth, P. and Welling, M.},
  journal={Advances in Neural Information Processing Systems},
  volume={20},
  pages={1081--1088},
  year={2007},
  publisher={Citeseer}
}


@article{chang2007psvm,
  title={{Psvm: Parallelizing support vector machines on distributed computers}},
  author={Chang, E.Y. and Zhu, K. and Wang, H. and Bai, H. and Li, J. and Qiu, Z. and Cui, H.},
  journal={Advances in Neural Information Processing Systems},
  volume={20},
  year={2007},
  publisher={Citeseer}
}


@conference{masada2009accelerating,
  title={{Accelerating Collapsed Variational Bayesian Inference for Latent Dirichlet Allocation with
Nvidia CUDA Compatible Devices}},
  author={Masada, T. and Hamada, T. and Shibata, Y. and Oguri, K.},
  booktitle={Proceedings of the 22nd International Conference on Industrial, Engineering and Other
Applications of Applied Intelligent Systems: Next-Generation Applied Intelligence},
  pages={500},
  year={2009},
  organization={Springer}
}

@article{yan-parallel,
  title={{Parallel Inference for Latent Dirichlet Allocation on Graphics Processing Units}},
  author={Yan, F. and Beijing, PR and Qi, Y.A.}
}








@article{AndrzejeCode,
  title={{Latent Dirichlet Allocation via Collapsed Variational Inference}},
  author={David Andrzejewski},
  journal={http://pages.cs.wisc.edu/~andrzeje/research/cvb\_lda.html}
}

@article{NewmanCode,
  title={{Topic modeling scripts and code}},
  author={David Newman},
  journal={ http://www.ics.uci.edu/~newman/code/topicmodel/}
}


@article{IvanCode,
    title = {LDA for scientific topics extraction},
    author = {Ivan Savov},
    journal = {Web: http://github.com/ivanistheone/arXivLDA/}
}















