

@article{Blei2003,
  title={{Latent dirichlet allocation}},
  author={Blei, D.M. and Ng, A.Y. and Jordan, M.I.},
  journal={The Journal of Machine Learning Research},
  volume={3},
  pages={993--1022},
  year={2003},
  publisher={MIT Press Cambridge, MA, USA}
}

@article{Teh2009,
  title={{On Smoothing and Inference for Topic Models}},
  author={Asuncion, A. and Welling, M. and Smyth, P. and Teh, Y.W.}
}



@article{Teh2007,
  title={{A collapsed variational bayesian inference algorithm for latent dirichlet allocation}},
  author={Teh, Y.W. and Newman, D. and Welling, M.},
  journal={Advances in neural information processing systems},
  volume={19},
  pages={1353},
  year={2007},
  publisher={Citeseer}
}



@article{Blei2009,
  title={{Topic models}},
  author={Blei, D. and Lafferty, J.},
  journal={Text Mining: Theory and Applications. Taylor and Francis, London, UK},
  year={2009}
}

@article{griffiths2004finding,
  title={{Finding scientific topics}},
  author={Griffiths, T.L. and Steyvers, M.},
  journal={Proceedings of the National Academy of Sciences},
  volume={101},
  number={Suppl 1},
  pages={5228},
  year={2004},
  publisher={National Acad Sciences}
}

@article{heinrich2005parameter,
  title={{Parameter estimation for text analysis}},
  author={Heinrich, G.},
  journal={Web: http://www.arbylon.net/publications/text-est.pdf},
  year={2005},
  publisher={Citeseer}
}


@article{newman2006scalable,
  title={{Scalable Parallel Topic Models}},
  author={Newman, D. and Smyth, P. and Steyvers, M.},
  journal={Journal of Intelligence Community Research and Development},
  year={2006},
  publisher={Citeseer}
}


@article{newman2007distributed,
  title={{Distributed inference for latent dirichlet allocation}},
  author={Newman, D. and Asuncion, A. and Smyth, P. and Welling, M.},
  journal={Advances in Neural Information Processing Systems},
  volume={20},
  pages={1081--1088},
  year={2007},
  publisher={Citeseer}
}


@conference{masada2009accelerating,
  title={{Accelerating Collapsed Variational Bayesian Inference for Latent Dirichlet Allocation with
Nvidia CUDA Compatible Devices}},
  author={Masada, T. and Hamada, T. and Shibata, Y. and Oguri, K.},
  booktitle={Proceedings of the 22nd International Conference on Industrial, Engineering and Other
Applications of Applied Intelligent Systems: Next-Generation Applied Intelligence},
  pages={500},
  year={2009},
  organization={Springer}
}

@article{yan-parallel,
  title={{Parallel Inference for Latent Dirichlet Allocation on Graphics Processing Units}},
  author={Yan, F. and Beijing, PR and Qi, Y.A.}
}


